<record><leader>00000cas a22000007a 4500</leader><controlfield tag="001">22356609</controlfield><controlfield tag="008">900911d19161930iaucr n       0    0eng d</controlfield><datafield ind1=" " ind2=" " tag="010"><subfield code="a">sn 90055011 </subfield></datafield><datafield ind1=" " ind2=" " tag="040"><subfield code="a">INP</subfield><subfield code="b">eng</subfield><subfield code="c">INP</subfield><subfield code="d">OCLCQ</subfield></datafield><datafield ind1=" " ind2=" " tag="042"><subfield code="a">msc</subfield></datafield><datafield ind1="0" ind2=" " tag="130"><subfield code="a">Jackson sentinel (Maquoketa, Iowa : 1916)</subfield></datafield><datafield ind1="1" ind2="0" tag="245"><subfield code="a">Jackson sentinel.</subfield></datafield><datafield ind1=" " ind2=" " tag="260"><subfield code="a">Maquoketa, Iowa :</subfield><subfield code="b">Swigart Pub. Co.,</subfield><subfield code="c">1916-1930.</subfield></datafield><datafield ind1=" " ind2=" " tag="300"><subfield code="a">14 v.</subfield></datafield><datafield ind1=" " ind2=" " tag="310"><subfield code="a">Semiweekly</subfield></datafield><datafield ind1="0" ind2=" " tag="362"><subfield code="a">63rd year, no. 62 (Nov. 17, 1916)-76th year, no. 42 (Nov. 4, 1930).</subfield></datafield><datafield ind1=" " ind2=" " tag="752"><subfield code="a">United States</subfield><subfield code="b">Iowa</subfield><subfield code="c">Jackson</subfield><subfield code="d">Maquoketa.</subfield></datafield><datafield ind1="0" ind2="0" tag="780"><subfield code="t">Jackson tri-weekly sentinel</subfield><subfield code="w">(DLC)sn 90055010</subfield></datafield><datafield ind1="0" ind2="7" tag="785"><subfield code="t">Maquoketa excelsior (Maquoketa, Iowa : 1921)</subfield><subfield code="w">(DLC)sn 88059404</subfield></datafield><datafield ind1="0" ind2="7" tag="785"><subfield code="t">Jackson sentinel and Maquoketa excelsior</subfield><subfield code="w">(DLC)sn 88059703</subfield></datafield></record>